<?xml version="1.0" encoding="UTF-8"?>
<record xmlns="http://www.loc.gov/MARC21/slim" xmlns:xsi="http://www.w3.org/2001/XMLSchema-instance" xsi:schemaLocation="http://www.loc.gov/MARC21/slim http://www.loc.gov/standards/marcxml/schema/MARC21slim.xsd">
<leader>00000cam a22      a 4500</leader>
<controlfield tag="001">001683084</controlfield>
<controlfield tag="003">NNU</controlfield>
<controlfield tag="005">20160122170005.0</controlfield>
<controlfield tag="008">890908s1962    sy h          000 0 ara</controlfield>
<datafield tag="010" ind1=" " ind2=" ">
<subfield code="a">ne 64003377</subfield>
</datafield>
<datafield tag="035" ind1=" " ind2=" ">
<subfield code="a">(OCoLC)23486133</subfield>
</datafield>
<datafield tag="040" ind1=" " ind2=" ">
<subfield code="a">DLC</subfield>
<subfield code="b">eng</subfield>
<subfield code="c">EYM</subfield>
<subfield code="d">OCLCQ</subfield>
<subfield code="d">OCLCF</subfield>
<subfield code="d">OCLCQ</subfield>
<subfield code="d">OCLCO</subfield>
<subfield code="d">OCL</subfield>
<subfield code="d">NNU</subfield>
</datafield>
<datafield tag="043" ind1=" " ind2=" ">
<subfield code="a">a-su---</subfield>
</datafield>
<datafield tag="050" ind1=" " ind2="4">
<subfield code="a">DS244</subfield>
<subfield code="b">.M34 1962</subfield>
</datafield>
<datafield tag="100" ind1="1" ind2=" ">
<subfield code="6">880-01</subfield>
<subfield code="a">Mārik, Fahd.</subfield>
</datafield>
<datafield tag="245" ind1="1" ind2="0">
<subfield code="6">880-02</subfield>
<subfield code="a">Lamaḥāt ʻan al-taṭawwur al-fikrī fī Jazīrat al-ʻArab fī al-qarn al-ʻishrīn /</subfield>
<subfield code="c">Fahd al-Mārik.</subfield>
</datafield>
<datafield tag="260" ind1=" " ind2=" ">
<subfield code="6">880-03</subfield>
<subfield code="a">Dimashq :</subfield>
<subfield code="b">Maṭābiʻ Ibn Zaydūn,</subfield>
<subfield code="c">1962.</subfield>
</datafield>
<datafield tag="300" ind1=" " ind2=" ">
<subfield code="a">197 pages</subfield>
<subfield code="b">facsimile</subfield>
<subfield code="c">24 cm</subfield>
</datafield>
<datafield tag="336" ind1=" " ind2=" ">
<subfield code="a">text</subfield>
<subfield code="b">txt</subfield>
<subfield code="2">rdacontent</subfield>
</datafield>
<datafield tag="337" ind1=" " ind2=" ">
<subfield code="a">unmediated</subfield>
<subfield code="b">n</subfield>
<subfield code="2">rdamedia</subfield>
</datafield>
<datafield tag="338" ind1=" " ind2=" ">
<subfield code="a">volume</subfield>
<subfield code="b">nc</subfield>
<subfield code="2">rdacarrier</subfield>
</datafield>
<datafield tag="651" ind1=" " ind2="0">
<subfield code="a">Saudi Arabia</subfield>
<subfield code="x">Social conditions.</subfield>
</datafield>
<datafield tag="651" ind1=" " ind2="0">
<subfield code="a">Saudi Arabia</subfield>
<subfield code="x">Economic conditions.</subfield>
</datafield>
<datafield tag="650" ind1=" " ind2="7">
<subfield code="a">Economic history.</subfield>
<subfield code="2">fast</subfield>
<subfield code="0">(OCoLC)fst00901974</subfield>
</datafield>
<datafield tag="650" ind1=" " ind2="7">
<subfield code="a">Social conditions.</subfield>
<subfield code="2">fast</subfield>
<subfield code="0">(OCoLC)fst01919811</subfield>
</datafield>
<datafield tag="651" ind1=" " ind2="7">
<subfield code="a">Saudi Arabia.</subfield>
<subfield code="2">fast</subfield>
<subfield code="0">(OCoLC)fst01210372</subfield>
</datafield>
<datafield tag="776" ind1="0" ind2="8">
<subfield code="i">Online version:</subfield>
<subfield code="a">al-Mārik, Fahd.</subfield>
<subfield code="t">Lamaḥāt ʻan al-taṭawwur al-fikri fī jazīrat al-ʻArab.</subfield>
<subfield code="d">1962</subfield>
<subfield code="w">(OCoLC)555278274</subfield>
</datafield>
<datafield tag="776" ind1="0" ind2="8">
<subfield code="i">Online version:</subfield>
<subfield code="a">al-Mārik, Fahd.</subfield>
<subfield code="t">Lamaḥāt ʻan al-taṭawwur al-fikri fī jazīrat al-ʻArab.</subfield>
<subfield code="d">1962</subfield>
<subfield code="w">(OCoLC)609712174</subfield>
</datafield>
<datafield tag="880" ind1="1" ind2=" ">
<subfield code="6">100-01/</subfield>
<subfield code="a">مارك، فهد.</subfield>
</datafield>
<datafield tag="880" ind1="1" ind2="0">
<subfield code="6">245-02/</subfield>
<subfield code="a">لمحات عن التطور الفكري في جزيرة العرب في القرن العشرين /</subfield>
<subfield code="c">فهد المارك.</subfield>
</datafield>
<datafield tag="880" ind1=" " ind2=" ">
<subfield code="6">260-03/</subfield>
<subfield code="a">دمشق :</subfield>
<subfield code="b">مطابع ابن زيدون،</subfield>
<subfield code="c">1962.</subfield>
</datafield>
<datafield tag="OWN" ind1=" " ind2=" ">
<subfield code="a">GENERAL</subfield>
</datafield>
<datafield tag="AVA" ind1=" " ind2=" ">
<subfield code="a">NYU50</subfield>
<subfield code="b">BOBST</subfield>
<subfield code="c">Main Collection</subfield>
<subfield code="d">HN761.S28 M3</subfield>
<subfield code="e">unavailable</subfield>
<subfield code="t">Unavailable</subfield>
<subfield code="f">1</subfield>
<subfield code="g">1</subfield>
<subfield code="h">N</subfield>
<subfield code="i">1</subfield>
<subfield code="j">MAIN</subfield>
<subfield code="k">0</subfield>
</datafield>
</record>
